<?xml version="1.0" encoding="UTF-8"?><collection xmlns="http://www.loc.gov/MARC21/slim"><record><leader>00493nam--2200181-i-4500</leader><controlfield tag="001">000040568</controlfield><controlfield tag="002">20161230</controlfield><controlfield tag="005">20161230201042</controlfield><controlfield tag="008">060222s1000------------r-----000-0-eng-d</controlfield><datafield ind1=" " ind2=" " tag="040"><subfield code="a">IFIN-HH</subfield></datafield><datafield ind1=" " ind2=" " tag="080"><subfield code="a">532.546</subfield></datafield><datafield ind1="1" ind2=" " tag="100"><subfield code="a">Scheidegger, Adrian E</subfield></datafield><datafield ind1="1" ind2="0" tag="245"><subfield code="a">The physics of flow through porous media</subfield><subfield code="c">Adrian e. scheidegger</subfield></datafield><datafield ind1=" " ind2=" " tag="250"><subfield code="a">Revised Edition</subfield></datafield><datafield ind1=" " ind2=" " tag="260"><subfield code="a">Toronto, Univ.Of Toronto Press, 1960,</subfield></datafield><datafield ind1=" " ind2=" " tag="300"><subfield code="a">XVI + 313P</subfield></datafield><datafield ind1=" " ind2=" " tag="852"><subfield code="a">18060</subfield><subfield code="c">532</subfield></datafield><datafield ind1=" " ind2=" " tag="CAT"><subfield code="a">Sys</subfield><subfield code="c">20100713</subfield><subfield code="h">115549</subfield></datafield></record></collection>